<?xml version="1.0" encoding="UTF-8"?>
<collection xmlns:xsi="http://www.w3.org/2001/XMLSchema-instance" xsi:schemaLocation="http://www.loc.gov/MARC21/slim http://www.loc.gov/standards/marcxml/schema/MARC21slim.xsd" xmlns="http://www.loc.gov/MARC21/slim">
<record>
  <leader>00696cam a2200193 u 4500</leader>
  <controlfield tag="001">647614</controlfield>
  <controlfield tag="003">NNC</controlfield>
  <controlfield tag="005">20160118124448.0</controlfield>
  <controlfield tag="008">880509s1859    ua ||||||||| |||| ||ara |</controlfield>
  <datafield tag="035" ind1=" " ind2=" ">
    <subfield code="a">(OCoLC)506315236</subfield>
  </datafield>
  <datafield tag="035" ind1=" " ind2=" ">
    <subfield code="a">(OCoLC)ocn506315236</subfield>
  </datafield>
  <datafield tag="035" ind1=" " ind2=" ">
    <subfield code="a">(CStRLIN)NYCG88-B33191</subfield>
  </datafield>
  <datafield tag="035" ind1=" " ind2=" ">
    <subfield code="9">ACV4692CU</subfield>
  </datafield>
  <datafield tag="035" ind1=" " ind2=" ">
    <subfield code="a">(NNC)647614</subfield>
  </datafield>
  <datafield tag="100" ind1="1" ind2=" ">
    <subfield code="a">Muḥammad ʻAbd al-Muʻṭī ibn Abī al-Fatḥ ibn Aḥmad ibn ʻAbd al-Mughannī ibn ʻAlī al-Isḥāqī.</subfield>
  </datafield>
  <datafield tag="240" ind1="1" ind2="0">
    <subfield code="a">Akhbār al-awwal fī-man taṣarrafu fī Miṣr min arbāb al-duwal</subfield>
  </datafield>
  <datafield tag="245" ind1="1" ind2="0">
    <subfield code="a">Kitāb akhbār al-awwal fī-man taṣarrafu fī Miṣr min arbāb al-duwal.</subfield>
  </datafield>
  <datafield tag="260" ind1=" " ind2=" ">
    <subfield code="a">[Misr :</subfield>
    <subfield code="b">s.n.],</subfield>
    <subfield code="c">1276h [1859]</subfield>
  </datafield>
  <datafield tag="300" ind1=" " ind2=" ">
    <subfield code="a">391 p.</subfield>
  </datafield>
  <datafield tag="955" ind1=" " ind2=" ">
    <subfield code="b">CU10657509</subfield>
    <subfield code="d">off,glx</subfield>
    <subfield code="e">ME06594</subfield>
  </datafield>
</record>
</collection>